@misc{hu2025fintsb,
      title={FinTSB: A Comprehensive and Practical Benchmark for Financial Time Series Forecasting},
      author={Yifan Hu and Yuante Li and Peiyuan Liu and Yuxia Zhu and Naiqi Li and Tao Dai and Shu-tao Xia and Dawei Cheng and Changjun Jiang},
      year={2025},
      eprint={2502.18834},
      archivePrefix={arXiv},
      primaryClass={cs.CE},
      url={https://arxiv.org/abs/2502.18834},
}